
%Jin
@book{question_1.1,
    author       = {Gong, L. and Fast-Berglund, A. and Johansson, B.},
    title        = {A Framework for Extended Reality System Development in Manufacturing},
    journal      = {IEEE Access, 9, 24796--24813},
    year         = {2021},
    url          = {https://doi.org/10.1109/ACCESS.2021.3056752}
}
%Jin
@book{question_1.2,
    author       = {Neumann, W. P. and Winkelhaus, S. and Grosse, E. H. and Glock, C. H.},
    title        = {Industry 4.0 and the human factor – A systems framework and analysis methodology for successful development},
    journal      = {International Journal of Production Economics, 233, 107992},
    year         = {2021},
    url          = {https://doi.org/10.1016/j.ijpe.2020.107992}
}
%Jin
@book{question_2.1,
	author       = {Strange, R. and Magnani, G.},
  title        = {Outsourcing, Offshoring And The Global Factory.},
  booktitle    = {The Routledge Companion to the Geography of International Business},
  publisher    = {Routledge},
  year         = {2018},
  edition      = {1st},
  pages        = {60--77},
  url          = {https://doi.org/10.4324/9781315667379-4}
}

@article{question_2.2,
    author       = {Kandil, N. and Hammami, R. and Battaïa, O.},
  title        = {Insourcing versus outsourcing decision under environmental considerations and different contract arrangements.},
  journal      = {International Journal of Production Economics, 253, 108589},
  year         = {2022},
  url          = {https://doi.org/10.1016/j.ijpe.2022.108589}
}

%Irene
@article{ Ref3.1,
title = {The impact of project portfolio management on information technology projects.},
author = {Bert De Reyck and Yael Grushka-Cockayne and Martin Lockett and Sergio Ricardo Calderini and Marcio Moura and Andrew Sloper},
journal = {International Journal of Project Management, 23(7), 524--537},
year = {2005},
doi = {https://doi.org/10.1016/j.ijproman.2005.02.003},
url = { https://doi.org/10.1016/j.ijproman.2005.02.003},

}

@article{ Ref3.2,
  author       = {Flyvbjerg, Bent and Budzier, Alexander},
  title        = {Why Your IT Project May Be Riskier Than You Think.},
  journal      = {Harvard Business Review, 89(9)},
  year         = {2011},
  url          = {https://doi.org/10.2139/ssrn.2229735},
}


@article{Ref3.3,
  author       = {Ahiza García-Hodges},
  title        = {A Look at Why Quibi Failed So Soon After Launching},
  journal      = {NBC News},
  year         = {2020},
  month        = {Oct},
  day          = {22},
  url          = {https://www.nbcnews.com/business/business-news/look-why-quibi-failed-so-soon-after-launching-n1244312},
}

%Ariel
@article {question_4.1, 
    author = {Braglia, M., and Gabbrielli, R., and Marrazzini, L.}, 
    title = {Rolling Kanban: a new visual tool to schedule family batch manufacturing processes with kanban. \textit{International Journal of Production Research, 58}(13), 3998–4014.}, 
    year = {2020},
    url = {https://doi.org/10.1080/00207543.2019.1639224},
}

@article {question_4.2, 
    author = {Belyh, A.}, 
    title = {\textit{Kanban Board: Basics, Features and How to Use it.} \text{Founderjar}.}, 
    year = {2022},
    url = {https://www.founderjar.com/kanban-board/},
}


@article {question_4.3, 
    author = {Verwijs, C., and Russo, D.}, 
    title = {A Theory of Scrum Team Effectiveness. \textit{ACM Transactions on Software Engineering and Methodology, 32}(3), 1–51.}, 
    year = {2020},
    url = {https://doi.org/10.1145/3571849},
}

@article {question_4.4, 
    author = {Rubin, K. S., and Innolution}, 
    title = {\textit{``Essential Scrum": Scrum framework}. \text{Innolution}}, 
    year = {2012},
    url = {https://innolution.com/essential-scrum/table-of-contents/chapter-2-scrum-framework},
}

@article {question_5.1, 
    author = {Tata Capital}, 
    title = {\textit{What is Software Leasing and Why Should You Consider Taking It?}}, 
    year = {2020},
    url = {https://www.tatacapital.com/blog/equipment-finance/what-is-software-leasing-and-why-should-you-consider-taking-it/},
}
@article{question_5.2, 
  title={An approach for investigating perspective of cloud Software-as-a-Service (SaaS)}, 
  author={Bhardwaj, Sushil and Jain, Leena and Jain, Sandeep}, 
  journal={International Journal of Computer Applications, 10(2), 40--43}, 
  year={2010}, 
  Url = {https://doi.org/10.5120/1450-1962}
}